@misc{cdc_adult_obesity_maps,
  author       = {{Centers for Disease Control and Prevention (CDC)}},
  title        = {Adult Obesity Prevalence Maps},
  howpublished = {\url{https://www.cdc.gov/obesity/data-and-statistics/adult-obesity-prevalence-maps.html}},
  note         = {Accessed: 2025‑07‑26},
  year         = {2024},
  month        = sept # "~",
  day          = {12}
}

@misc{ihme_lancet_obesity2050,
  author       = {{Institute for Health Metrics and Evaluation (IHME)}},
  title        = {Without Immediate Action, Nearly 260 Million People in the U.S. Predicted to be Overweight or Obese by 2050},
  howpublished = {\url{https://www.healthdata.org/news-events/newsroom/news-releases/lancet-without-immediate-action-nearly-260-million-people-usa}},
  note         = {Accessed: 2025‑07‑26},
  year         = {2024},
  month        = nov,
  day          = {14}
}

@article{hall2019ultra,
  author    = {Hall, Kevin D. and Ayuketah, Abraham and Brychta, Robert and Cai, Hongyi and Cassimatis, Tyler and Chen, Kyle Y. and Chung, Seongwon T. and Costa, Ester and Courville, Alaine and Darcey, Victor and Fletcher, Lauren A. and Forde, Ciarán and Guo, Juen and Howard, Reese and Joseph, Paul V. and McGehee, Sean and Ouwerkerk, Ronald and Raisinger, Kevin and Rozga, Iwona and Sabatini, Melony and Schick, Alyssa and Stagliano, Michael and Torres, Sara and Walter, Mary and Walter, Peter J. and Yang, Sally and Zhou, Meilan and Farooqi, I. Sadaf and Friedman, Jeffrey M.},
  title     = {Ultra-Processed Diets Cause Excess Calorie Intake and Weight Gain: An Inpatient Randomized Controlled Trial of Ad Libitum Food Intake},
  journal   = {Cell Metabolism},
  volume    = {30},
  number    = {1},
  pages     = {67--77.e3},
  year      = {2019},
  publisher = {Elsevier},
  doi       = {10.1016/j.cmet.2019.05.008},
  url       = {https://doi.org/10.1016/j.cmet.2019.05.008}
}

@article{laster_frame_2019,
  author    = {Laster, Janese and Frame, Leigh A.},
  title     = {Beyond the Calories—Is the Problem in the Processing?},
  journal   = {Current Treatment Options in Gastroenterology},
  volume    = {17},
  number    = {4},
  pages     = {577--586},
  year      = {2019},
  doi       = {10.1007/s11938-019-00246-1}
}

@article{Rajesh2023,
  author = {Rajesh, Ananya Mariam},
  title = {PepsiCo says it has no plans to change its portfolio as WHO set to warn on aspartame sweeteners},
  journal = {Reuters},
  year = {2023},
  month = {July},
  day = {13},
  url = {https://www.reuters.com/business/retail-consumer/pepsico-says-no-plans-change-portfolio-who-set-warn-aspartame-sweeteners-2023-07-13/}
}

@article{McGlynn2022,
  author = {McGlynn, N. D. and Khan, T. A. and Wang, L. and Zhang, R. and Chiavaroli, L. and Au-Yeung, F. and Lee, J. J. and Noronha, J. C. and Comelli, E. M. and Blanco Mejia, S. and Ahmed, A. and Malik, V. S. and Hill, J. O.},
  title = {Association of Low- and No-Calorie Sweetened Beverages as a Replacement for Sugar-Sweetened Beverages With Body Weight and Cardiometabolic Risk: A Systematic Review and Meta-analysis},
  journal = {JAMA Network Open},
  year = {2022},
  volume = {5},
  number = {3},
  pages = {e222092},
  doi = {10.1001/jamanetworkopen.2022.2092}
}

@article{Toews2019,
  author = {Toews, I. and Lohner, S. and Küllenberg de Gaudry, D. and Sommer, H. and Meerpohl, J. J.},
  title = {Association between intake of non-sugar sweeteners and health outcomes: systematic review and meta-analyses of randomized and non-randomized controlled trials and observational studies},
  journal = {BMJ},
  year = {2019},
  volume = {364},
  pages = {k4718},
  doi = {10.1136/bmj.k4718}
}
